<collection xmlns="http://www.loc.gov/MARC21/slim"><record><leader>00819nam  2200265   450</leader><controlfield tag="001">521</controlfield><controlfield tag="003">http://montalegre.opacnet.com/OPAC/default.aspx?ContentAreaControl=ShowRegHoldings.ascx&amp;RegNo=16662</controlfield><datafield tag="010" ind1=" " ind2=" "><subfield code="a">972-41-1433-3</subfield></datafield><datafield tag="021" ind1=" " ind2=" "><subfield code="a">PT</subfield><subfield code="b">216591/04</subfield></datafield><datafield tag="100" ind1=" " ind2=" "><subfield code="a">20070518d2004    m  y0pory0103    ba</subfield></datafield><datafield tag="101" ind1="1" ind2=" "><subfield code="a">por</subfield><subfield code="c">ger</subfield></datafield><datafield tag="102" ind1=" " ind2=" "><subfield code="a">PT</subfield></datafield><datafield tag="105" ind1=" " ind2=" "><subfield code="a">y   z   000ay</subfield></datafield><datafield tag="106" ind1=" " ind2=" "><subfield code="a">r</subfield></datafield><datafield tag="200" ind1="1" ind2=" "><subfield code="a">&lt;A &gt;pianista</subfield><subfield code="f">Elfriede Jelinek</subfield><subfield code="g">trad. Aires Graça</subfield></datafield><datafield tag="205" ind1=" " ind2=" "><subfield code="a">2ª ed</subfield></datafield><datafield tag="210" ind1=" " ind2=" "><subfield code="a">Porto</subfield><subfield code="c">Asa</subfield><subfield code="d">2004</subfield></datafield><datafield tag="215" ind1=" " ind2=" "><subfield code="a">335, [1] p.</subfield><subfield code="d">21 cm</subfield></datafield><datafield tag="225" ind1="2" ind2=" "><subfield code="a">Letras do mundo</subfield></datafield><datafield tag="304" ind1=" " ind2=" "><subfield code="a">Tít. orig.: Die klavierspielerin</subfield></datafield><datafield tag="700" ind1=" " ind2="1"><subfield code="a">Jelinek</subfield><subfield code="b">Elfriede</subfield><subfield code="f">1946-</subfield><subfield code="3">134998</subfield></datafield><datafield tag="702" ind1=" " ind2="1"><subfield code="a">Graça</subfield><subfield code="b">Aires</subfield><subfield code="4">730</subfield><subfield code="3">67650</subfield></datafield><datafield tag="801" ind1=" " ind2="0"><subfield code="a">PT</subfield><subfield code="b">Biblioteca Municipal de Montalegre</subfield><subfield code="g">RPC</subfield></datafield><datafield tag="856" ind1=" " ind2=" "><subfield code="u">locateMedia.asp?cod=20060518093253&amp;ext=jpg</subfield><subfield code="z">CAPA</subfield></datafield><datafield tag="909" ind1="&#9;" ind2=" "><subfield code="a">2</subfield></datafield><datafield tag="966" ind1=" " ind2=" "><subfield code="a">0016063</subfield><subfield code="l">BMM</subfield><subfield code="s">SCG 821 JEL pia</subfield></datafield><datafield tag="966" ind1=" " ind2=" "><subfield code="a">0016271</subfield><subfield code="l">BMM-PS</subfield><subfield code="s">821 JEL pia</subfield></datafield></record></collection>